<?xml version="1.0" encoding="UTF-8"?><collection xmlns="http://www.loc.gov/MARC21/slim"><record><leader>00525nam--2200193-i-4500</leader><controlfield tag="001">000039533</controlfield><controlfield tag="002">20161230</controlfield><controlfield tag="005">20161230201042</controlfield><controlfield tag="008">060222s1000------------r-----000-0-por-d</controlfield><datafield ind1=" " ind2=" " tag="040"><subfield code="a">IFIN-HH</subfield></datafield><datafield ind1=" " ind2=" " tag="041"><subfield code="a">por</subfield></datafield><datafield ind1=" " ind2=" " tag="080"><subfield code="a">539.163.2</subfield></datafield><datafield ind1="1" ind2=" " tag="100"><subfield code="a">Urbano, J.N</subfield></datafield><datafield ind1="1" ind2="0" tag="245"><subfield code="a">Metodo para a determinacao dos momentos de inercia nulceares</subfield><subfield code="c">J.n. urbano</subfield></datafield><datafield ind1=" " ind2=" " tag="260"><subfield code="a">Coimbra</subfield><subfield code="b">Universida</subfield><subfield code="c">1968</subfield></datafield><datafield ind1=" " ind2=" " tag="300"><subfield code="a">95P</subfield></datafield><datafield ind1=" " ind2=" " tag="490"><subfield code="a">Comissao De Estudos De Energia Nuclear</subfield></datafield><datafield ind1=" " ind2=" " tag="852"><subfield code="a">31547</subfield><subfield code="c">539.163.2</subfield></datafield><datafield ind1=" " ind2=" " tag="CAT"><subfield code="a">Sys</subfield><subfield code="c">20120523</subfield><subfield code="h">113157</subfield></datafield></record></collection>